
@article{Beck:2010zzd,
      author         = "Beck, Graham and Viehhauser, Georg",
      title          = "{Analytic model of thermal runaway in silicon detectors}",
      journal        = "Nucl. Instrum. Meth.",
      volume         = "A618",
      year           = "2010",
      pages          = "131-138",
      doi            = "10.1016/j.nima.2010.02.264",
      SLACcitation   = "%%CITATION = NUIMA,A618,131;%%"
}

@article{Collaboration:2017mtb,
      author         = "{ATLAS Collaboration}",
      title          = "{Technical Design Report for the ATLAS Inner Tracker
                        Strip Detector}",
      year           = "2017",
      reportNumber   = "CERN-LHCC-2017-005, ATLAS-TDR-025",
      SLACcitation   = "%%CITATION = CERN-LHCC-2017-005;%%"
}

@ARTICLE{1589217,
      author={F. Faccio and G. Cervelli},
      journal={IEEE Transactions on Nuclear Science},
      title={Radiation-induced edge effects in deep submicron CMOS transistors},
      year={2005},
      volume={52},
      number={6},
      pages={2413-2420},
      doi={10.1109/TNS.2005.860698},
      ISSN={0018-9499},
      month={Dec},
}

@article{FACCIO20081000,
      title = "Total ionizing dose effects in shallow trench isolation oxides",
      journal = "Microelectronics Reliability",
      volume = "48",
      number = "7",
      pages = "1000 - 1007",
      year = "2008",
      note = "2007 Reliability of Compound Semiconductors (ROCS) Workshop",
      issn = "0026-2714",
      doi = "https://doi.org/10.1016/j.microrel.2008.04.004",
      url = "http://www.sciencedirect.com/science/article/pii/S0026271408000826",
      author = "Federico Faccio and Hugh J. Barnaby and Xiao J. Chen and Daniel M. Fleetwood and Laura Gonella and Michael McLain and Ronald D. Schrimpf"
}
